@online{ adt,
    author  = {adt-audio},
    title   = {Pro Audio Lexikon},
    url     = {https://www.adt-audio.de/ProAudioLexikon/B.html},
    urldate = {2024-12-28}
}

@online{ kirstein,
    author  = {Jutta KÃ¼hl},
    title   = {Glossar Linepegel},
    year    = 2021,
    url     = {https://www.kirstein.de/Ratgeber-Mischpult-Eingaenge-Glossar/#glossarlinepegel},
    urldate = {2024-12-28}
}

@online{ shure,
    author  = {Shure},
    title   = {Shure Knowledgebase},
    year    = 2020,
    url     = {https://service.shure.com/Service/s/article/Was-ist-der-Unterschied-von-Mic-und-Line-Pegel?language=de},
    urldate = {2024-12-28}
}
